@Article{Babuska1989Finite,
  Title   = {Finite element-{G}alerkin approximation of the
             eigenvalues and eigenvectors of selfadjoint problems},
  Author  = {Babu{\v{s}}ka, Ivo and Osborn, John E},
  Journal = {Mathematics of Computation},
  Year    = {1989},
  Number  = {186},
  Pages   = {275--297},
  Volume  = {52}
}

@Book{Brenner2008Mathematical,
  Title  = {The Mathematical Theory of Finite Element Methods},
  Author = {Brenner, Susanne C and Scott, Ridgway},
  Publisher = {Springer},
  Year   = {1994},
  Volume = {15}
}

@Book{2004有限元方法的数学基础,
  Title                    = {有限元方法的数学基础},
  Author                   = {{王烈衡, 许学军}},
  Publisher                = {科学出版社},
  Year                     = {2004}
}
